date,totalAssets,totalCurrentAssets,cashAndCashEquivalentsAtCarryingValue,cashAndShortTermInvestments,inventory,currentNetReceivables,totalNonCurrentAssets,propertyPlantEquipment,accumulatedDepreciationAmortizationPPE,intangibleAssets,intangibleAssetsExcludingGoodwill,goodwill,investments,longTermInvestments,shortTermInvestments,otherCurrentAssets,otherNonCurrentAssets,totalLiabilities,totalCurrentLiabilities,currentAccountsPayable,deferredRevenue,currentDebt,shortTermDebt,totalNonCurrentLiabilities,capitalLeaseObligations,longTermDebt,currentLongTermDebt,longTermDebtNoncurrent,shortLongTermDebtTotal,otherCurrentLiabilities,otherNonCurrentLiabilities,totalShareholderEquity,treasuryStock,retainedEarnings,commonStock,commonStockSharesOutstanding,grossProfit,totalRevenue,costOfRevenue,costofGoodsAndServicesSold,operatingIncome,sellingGeneralAndAdministrative,researchAndDevelopment,operatingExpenses,investmentIncomeNet,netInterestIncome,interestIncome,interestExpense,nonInterestIncome,otherNonOperatingIncome,depreciation,depreciationAndAmortization,incomeBeforeTax,incomeTaxExpense,interestAndDebtExpense,netIncomeFromContinuingOperations,comprehensiveIncomeNetOfTax,ebit,ebitda,netIncome,reportedDate,reportedEPS,estimatedEPS,surprise,surprisePercentage
2014-03-31,6048106000,3586784000,1157450000,1668243000,None,None,365348000,133473000,234631000,2179474000,2179474000,None,510793000,None,510793000,147131000,148375000,4569748000,2263653000,133883000,None,None,54858000,984216000,None,900000000,None,900000000,954858000,1844897000,84216000,1478358000,None,605600000,60000,59940336,400903000,1270089000,869186000,869186000,97595000,192998000,110310000,479570000,None,-10052000,None,10052000,0,1401000,None,629238000,88944000,35829000,10052000,53115000,54043000,98996000,726833000,53115000,2014-04-21,0.12,0.12,0,0
2014-06-30,6325822000,3668380000,1214244000,1714365000,None,None,409546000,141715000,245090000,2348796000,2348796000,None,500121000,None,500121000,167674000,166931000,4716117000,2335124000,137226000,241330000,None,98548000,990223000,None,900000000,None,900000000,998548000,1858020000,90223000,1609705000,None,676618000,60000,60091015,425559000,1340407000,914848000,914848000,129600000,180777000,115182000,471155000,None,-13328000,None,13328000,0,1100000,None,668937000,117372000,46354000,13328000,71018000,73017000,130700000,798537000,71018000,2014-07-21,0.16,0.17,-0.01,-5.8824
2014-09-30,6778329000,3823482000,1183217000,1666819000,None,None,436165000,144147000,252407000,2631882000,2631882000,None,483602000,None,483602000,149682000,178818000,5053455000,2548655000,150374000,252956000,None,70559000,994397000,None,900000000,None,900000000,970559000,2074766000,94397000,1724874000,None,735913000,60000,60246379,455038000,1409432000,954394000,954394000,110407000,223678000,120953000,543608000,None,-13486000,None,13486000,0,616000,None,718780000,97537000,38242000,13486000,59295000,54438000,111023000,829187000,59295000,2014-10-15,0.14,0.13,0.01,7.6923
2014-12-31,7042500000,3927053000,1113608000,1608496000,None,None,342856000,149875000,264816000,2773326000,2773326000,None,494888000,None,494888000,152423000,192246000,5184792000,2663154000,201581000,274586000,None,69746000,959957000,None,900000000,885849000,885849000,969746000,2117241000,59957000,1857708000,None,819284000,1042870000,60415841,470396000,1484728000,1014332000,1014332000,65046000,812574000,51755000,1140129000,None,-13353000,None,13353000,-8200000,-6177000,None,764843000,45516000,-37855000,13353000,431796000,77280000,58869000,829889000,83371000,2015-01-20,0.1,0.06,0.04,66.6667
2015-03-31,9240626000,5539056000,2454777000,2957708000,None,None,532517000,145816000,277239000,3312353000,3312353000,None,502931000,None,502931000,210901000,243401000,7331412000,3008849000,190567000,285340000,None,107323000,2460772000,None,2400000000,None,2400000000,2507323000,2425619000,60772000,1909214000,None,842980000,61000,60620721,526728000,1573129000,1046401000,1046401000,97456000,286166000,143106000,663867000,None,-26737000,None,26737000,None,-32293000,None,785870000,38426000,14730000,26737000,23696000,-15012000,65163000,883326000,23696000,2015-04-15,0.11,0.1,0.01,10
2015-06-30,9654861000,5600510000,2293872000,2796758000,None,None,559284000,171396000,281773000,3640767000,3640767000,None,502886000,None,502886000,292806000,242188000,7622786000,3220069000,211729000,301754000,None,150406000,2460093000,None,2400000000,None,2400000000,2550406000,2556180000,60093000,2032075000,None,869315000,1200880000,426004831,522942000,1644694000,1121752000,1121752000,74835000,293046000,155061000,699074000,None,-35217000,None,35217000,None,872000,None,858994000,40490000,14155000,35217000,26335000,31369000,75707000,933829000,26335000,2015-07-15,0.06,0.04,0.02,50
2015-09-30,9916267000,5569713000,2115437000,2609642000,None,None,625464000,181268000,291037000,3891790000,3891790000,None,494205000,None,494205000,264887000,273496000,7748949000,3341418000,209365000,329739000,None,179350000,2440677000,None,2400000000,None,2400000000,2579350000,2622964000,40677000,2167318000,None,898747000,1306461000,427388288,564397000,1738355000,1173958000,1173958000,73641000,318994000,171762000,773410000,None,-35333000,None,35333000,None,3930000,None,906039000,42238000,12806000,35333000,29432000,29662000,77571000,979680000,29432000,2015-10-14,0.07,0.08,-0.01,-12.5
2015-12-31,10202871000,5431840000,1809330000,2310715000,None,None,458214000,173412000,297346000,4312817000,4312817000,None,501385000,None,501385000,215127000,284802000,7979445000,3529624000,253491000,346721000,None,140389000,2423461000,None,2371362000,2371362000,2371362000,2511751000,2789023000,52099000,2223426000,None,941925000,1324809000,427940440,573968000,1823333000,1249365000,1249365000,59894000,1047515000,100071000,1518275000,None,-35429000,None,35429000,None,-3734000,None,996142000,20731000,-22447000,35429000,560568000,37760000,56160000,1056036000,43178000,2016-01-19,0.07,0.02,0.05,250
2016-03-31,11262274000,5543836000,1605244000,2072471000,None,None,654578000,166254000,305247000,5260160000,5260160000,None,467227000,None,467227000,212724000,292024000,8945041000,3933632000,231914000,374223000,None,181634000,2425293000,None,2372200000,None,2372200000,2553834000,3145861000,53093000,2317233000,None,969583000,1382051000,428289216,588196000,1957736000,1418581000,1369540000,49453000,335235000,203508000,869476000,None,-35537000,None,35537000,0,25963000,None,1093760000,39879000,12221000,35537000,27658000,36565000,75416000,1143213000,27658000,2016-04-18,0.06,0.03,0.03,100
2016-06-30,11593507000,5386918000,1390925000,1834228000,None,None,677451000,162864000,311345000,5742938000,5742938000,None,443303000,None,443303000,203428000,300787000,9177673000,4051837000,240458000,396976000,None,172073000,2427316000,None,2373085000,None,2373085000,2545158000,3242330000,54231000,2415834000,None,1010338000,1443707000,428725388,632106000,2105204000,1525397000,1473098000,70370000,354436000,207300000,907443000,None,-35455000,None,35455000,0,16317000,None,1209513000,51232000,10477000,35455000,40755000,36945000,86687000,1279883000,40755000,2016-07-18,0.09,0.02,0.07,350
2016-09-30,12347338000,5193893000,969158000,1343256000,None,None,675771000,191876000,314082000,6677674000,6677674000,None,374098000,None,374098000,218238000,283895000,9818372000,4411405000,285753000,427206000,None,201232000,2431812000,None,2373966000,None,2374000000,2575198000,3497214000,57812000,2528966000,None,1061855000,1503641000,429145023,757344000,2290188000,1593768000,1532844000,106036000,435209000,216099000,1020573000,None,-35536000,None,35536000,0,8627000,None,1257802000,79127000,27610000,35536000,51517000,53198000,114663000,1363838000,51517000,2016-10-17,0.12,0.06,0.06,100
2016-12-31,13586610000,5720291000,1467576000,1733782000,None,None,591818000,250395000,294209000,7274501000,7274501000,None,266206000,1517000,266206000,260202000,341423000,10906810000,4586657000,312842000,443472000,None,197632000,3425488000,None,3364311000,3364311000,3364311000,-35700000,3632711000,61188000,2679800000,None,1128603000,1599762000,430054212,823122000,2477541000,1719716000,1654419000,153934000,397979000,141093000,397979000,None,-43586000,None,43586000,22800000,-20079000,None,1363903000,90269000,23521000,43586000,823122000,54713000,133855000,1517837000,66748000,2017-01-18,0.15,0.13,0.02,15.3846
2017-03-31,14359096000,5660330000,1077824000,1341229000,None,None,967254000,275083000,291600000,8029112000,8029112000,None,263405000,None,263405000,292486000,394571000,11385413000,4911229000,294831000,458693000,None,296258000,3438723000,None,3365400000,None,3365400000,-34600000,3861447000,73323000,2973683000,None,1350410000,1669132000,430993429,895904000,2636635000,1740731000,1657024000,256942000,465561000,257108000,1174068000,None,-46742000,None,46742000,0,13592000,None,1339330000,223792000,45570000,46742000,178222000,180928000,270534000,1596272000,178222000,2017-04-17,0.4,0.37,0.03,8.1081
2017-06-30,16517223000,6700785000,1918777000,2164902000,None,None,1056164000,309831000,306050000,9078474000,9078474000,None,246125000,None,246125000,386772000,428133000,13404723000,5122945000,273398000,505302000,None,248871000,4925688000,None,4836502000,4836502000,4836502000,-48200000,4095374000,89186000,3112500000,None,1416010000,1727858000,431749744,793768000,2785464000,1991696000,1902308000,127807000,488266000,267083000,1236375000,None,-55482000,None,55482000,-64220000,-58363000,None,1585856000,13962000,-51638000,55482000,65600000,80091000,69444000,1713663000,65600000,2017-07-17,0.15,0.15,0,0
2017-09-30,16951540000,6385348000,1746469000,1746469000,None,None,1200488000,322421000,321801000,9739704000,9739704000,None,None,None,None,415492000,504067000,13624179000,5310677000,301443000,535425000,None,331723000,5016998000,None,4888783000,4888783000,4888783000,-46800000,4142086000,128215000,3327361000,None,1545600000,1807123000,432731130,898620000,2984859000,2086239000,1992980000,208627000,528016000,255236000,1254014000,None,-60688000,None,60688000,-50830000,-31702000,None,1659974000,116237000,-13353000,60688000,129590000,135596000,176925000,1868601000,129590000,2017-10-16,0.29,0.32,-0.03,-9.375
2017-12-31,19012742000,7669974000,2822795000,2822795000,None,None,971713000,319404000,321814000,10371055000,10371055000,None,None,1276000,None,536245000,652309000,15430786000,5466312000,359555000,618622000,None,315094000,6634646000,None,9048828000,6499432000,6499432000,-61900000,4173041000,135246000,3581956000,None,1731117000,1871396000,433392686,1071421000,3285755000,2214334000,2107354000,245303000,578986000,201573000,578986000,None,-75292000,None,75292000,-12850000,-38681000,None,1745225000,264617000,79100000,75292000,1099301000,190322000,339909000,1990528000,185517000,2018-01-22,0.41,0.41,0,0
2018-03-31,20152797000,7817576000,2593666000,2593666000,None,None,1521018000,341932000,337866000,11314803000,11314803000,None,None,1280000,None,597388000,678486000,16132067000,6005587000,436183000,673892000,None,429431000,6682004000,None,9079118000,6542373000,6542373000,9079118000,4466081000,139631000,4020730000,None,2021241000,1995225000,434657303,1400277000,3700856000,2300579000,2196075000,446578000,757473000,282310000,1637184000,None,-81219000,None,81219000,-41080000,-65743000,None,1779019000,299616000,9492000,81219000,290124000,314945000,380835000,2225597000,290124000,2018-04-16,0.64,0.64,0,0
2018-06-30,22663537000,9346889000,3906357000,3906357000,None,None,1534478000,349646000,340296000,12292070000,12292070000,None,None,None,None,636869000,674932000,18166937000,6079641000,448219000,697740000,None,392595000,8483138000,None,11913822000,8342067000,8342067000,11913822000,4541087000,141071000,4496600000,None,2405590000,2103437000,435457505,1504839000,3907270000,2402431000,2289867000,462213000,837977000,299095000,1783600000,None,-101605000,None,101605000,85410000,68028000,None,1848707000,428636000,44287000,101605000,384349000,367658000,530241000,2310920000,384349000,2018-07-16,0.85,0.79,0.06,7.5949
2018-09-30,23366229000,8729981000,3067534000,3067534000,None,None,1227805000,371152000,355963000,13408443000,13408443000,None,None,None,None,674531000,856653000,18356576000,6298240000,441427000,716723000,None,527079000,8464513000,None,11834963000,8336586000,8336586000,11834963000,4613011000,127927000,5009653000,None,2808425000,2215736000,436084995,1468246000,3999374000,2531128000,2412346000,480668000,779334000,308620000,1777451000,None,-108862000,None,108862000,7670000,7004000,None,1942887000,378810000,-24025000,108862000,402835000,400754000,487672000,2423555000,402835000,2018-10-16,0.89,0.68,0.21,30.8824
2018-12-31,25974400000,9694135000,3794483000,3794483000,None,206921000,1319311000,418281000,368519000,14960954000,14960954000,None,None,1298000,None,748466000,910843000,20735635000,6487320000,562985000,760899000,None,477417000,10489231000,None,14873195000,None,10360058000,14873195000,4686019000,129231000,5238765000,None,2942359000,2315988000,436598597,1453441000,4186841000,2733400000,2733400000,215767000,2432979000,327975000,2671636000,None,-128807000,None,128807000,21953000,32436000,None,2085844000,119396000,-14538000,128807000,1453441000,128860000,248203000,2301611000,133934000,2019-01-17,0.3,0.24,0.06,25
2019-03-31,27218632000,4168907000,3348557000,3348557000,-432955000,None,2160940000,434372000,371023000,20888785000,20888785000,None,None,None,None,820350000,1726568000,21515574000,6857807000,439496000,None,None,746268000,11097403000,None,14768151000,122498000,10305023000,14768151000,4863351000,792380000,5703058000,None,3288885000,2439773000,437191891,1650378000,4520992000,2870614000,2870614000,459084000,818530000,372764000,1766010000,None,-135529000,76104000,135529000,57600000,76104000,None,2156756000,399659000,55607000,135529000,344052000,338034000,535188000,2615840000,344052000,2019-04-16,0.76,0.57,0.19,33.3333
2019-06-30,30171339000,5877157000,5004247000,5004247000,-492034000,None,3878442000,452399000,385112000,21945740000,21945740000,None,None,None,None,872910000,1896043000,24065791000,6933984000,442194000,892777000,137662000,750812000,14513687000,None,17909126000,137662000,12594135000,17909126000,4848201000,973232000,6105548000,None,3559535000,2566365000,437834882,1917459000,4923116000,3005657000,3005657000,706419000,827807000,383233000,1818930000,None,-152033000,53470000,152033000,-61284000,-53470000,None,2265067000,500916000,230266000,152033000,270650000,275898000,652949000,2971486000,270650000,2019-07-17,0.6,0.56,0.04,7.1429
2019-09-30,30941711000,5327758000,4435018000,4435018000,-466168000,None,3879959000,481992000,402604000,23234994000,23234994000,None,None,None,None,892740000,1896967000,24080206000,7257900000,444129000,915506000,160941000,1037723000,14355432000,None,17647322000,160941000,12425746000,17647322000,4860542000,977008000,6861505000,None,4224779000,2677972000,438251289,2146986000,5244905000,3097919000,3097919000,980239000,786971000,379776000,1779697000,None,-160660000,192744000,160660000,171360000,192744000,None,2313335000,1012323000,347079000,160660000,665244000,644350000,1172983000,3293574000,665244000,2019-10-16,1.47,1.04,0.43,41.3462
2019-12-31,33975712000,6178504000,5018437000,5018437000,-979068000,524669000,4824641000,565221000,416005000,24504567000,24504567000,None,None,None,None,1160067000,2727420000,26393555000,6855696000,674347000,924745000,190622000,0,17626148000,None,20723441000,190622000,14759260000,20723441000,4413561000,1444276000,7582157000,None,4811749000,2793929000,438806649,2001411000,5467434000,3466023000,3466023000,458512000,3012523000,537227000,1754194000,None,-177801000,131378000,177801000,-122100000,-131378000,None,2607487000,149333000,-437637000,177801000,2001411000,604695000,327134000,3065999000,586970000,2020-01-21,1.3,0.53,0.77,145.283
2020-03-31,35059910000,6447781000,5151884000,5151884000,None,541631000,4847240000,650455000,436556000,25266889000,25266889000,None,None,None,None,1295897000,2694785000,26650616000,7853725000,545488000,986753000,694809000,498809000,16990840000,None,20587654000,196000000,14170692000,21086463000,5822675000,1420148000,8409294000,None,5520816000,2935532000,439780618,2167990000,5767691000,3599701000,3599701000,958256000,755917000,453817000,1209734000,None,-184083000,21697000,184083000,93060000,21697000,None,2511902000,795870000,86803000,184083000,709067000,685534000,979953000,3470158000,709067000,2020-04-21,1.57,1.65,-0.08,-4.8485
2020-06-30,37175281000,8564139000,7153248000,7153248000,None,640471000,5268025000,751941000,460206000,25155117000,25155117000,None,None,None,None,1410891000,2704084000,27840528000,7626418000,446668000,1029261000,499000000,499000000,18692946000,None,21577103000,499161000,15294998000,22076103000,5651328000,1710948000,9334753000,None,6241012000,3127813000,441015443,2504579000,6148286000,3643707000,3643707000,1357928000,711606000,435045000,1146651000,None,-189151000,133175000,189151000,-119161000,-133175000,None,2633820000,1035602000,315406000,189151000,720196000,733178000,1224753000,3991748000,720196000,2020-07-16,1.59,1.81,-0.22,-12.1547
2020-09-30,38622543000,9826480000,8392391000,8392391000,None,620082000,5667430000,828118000,474185000,25067633000,25067633000,None,None,None,None,1434089000,2900312000,28289220000,7939795000,541298000,1040202000,499517000,499517000,19275851000,None,21882995000,499517000,15547616000,22382512000,5858778000,1875235000,10333323000,None,7030988000,3303482000,441795008,2567886000,6435637000,3867751000,3867751000,1314863000,799221000,453802000,1253023000,None,-197079000,None,197079000,-249194000,-256324000,None,2762332000,861460000,71484000,197079000,789976000,822901000,1058539000,4077195000,789976000,2020-10-20,1.74,2.14,-0.4,-18.6916
2020-12-31,39280359000,9761580000,8205550000,8205550000,None,742169000,6172555000,960183000,494790000,25383950000,25383950000,None,None,None,None,1556030000,3174646000,28215119000,7805785000,656183000,1117992000,499878000,499878000,19736881000,None,21857087000,499878000,15809095000,22356965000,5531732000,1982155000,11065240000,0,7573144000,3447698000,442895261,2479282000,6644442000,4165160000,4165160000,954242000,2485104000,486936000,3126440000,None,-197186000,None,197186000,-257983000,-250639000,None,3014568000,506417000,-35739000,197186000,2479282000,587701000,703603000,3968810000,542156000,2021-01-19,1.19,1.39,-0.2,-14.3885
2021-03-31,40123014000,10107508000,8403705000,8403705000,None,623240000,5979244000,1015419000,520544000,26043991000,26043991000,None,None,None,None,1703803000,2956096000,27238934000,7961770000,532942000,1140271000,698788000,698788000,18723430000,None,21000783000,698788000,14860552000,21699571000,5589769000,1950986000,12884080000,None,9279859000,3600084000,443383732,3294771000,7163282000,3868511000,3868511000,1959856000,809708000,525207000,1334915000,None,-194440000,269086000,194440000,253330000,269086000,None,2754937000,2034502000,327787000,194440000,1706715000,1666454000,2228942000,4714793000,1706715000,2021-04-20,3.75,2.97,0.78,26.2626
2021-06-30,40970969000,9604276000,7777530000,7777530000,None,756687000,6177729000,1107437000,552965000,27291640000,27291640000,None,None,None,None,1826746000,2967616000,27107098000,7832888000,622931000,1187364000,699128000,699128000,19050991000,None,20723146000,699128000,14926889000,21422274000,5323465000,2082035000,13863871000,500022000,10632872000,3721246000,442595888,3323769000,7341777000,4018008000,4018008000,1847630000,938818000,537321000,1476139000,None,-191322000,None,191322000,-63074000,-62519000,None,2845237000,1593789000,240776000,191322000,1353013000,1358651000,1785111000,4692867000,1353013000,2021-07-20,2.97,3.16,-0.19,-6.0127
2021-09-30,42739857000,9415787000,7526681000,7526681000,None,801665000,6599483000,1220114000,593371000,28974045000,28974045000,None,None,None,None,1889106000,3129911000,27425240000,8049246000,643059000,1182632000,699473000,699473000,19297284000,None,20535734000,699473000,14793691000,21235207000,5524082000,2281277000,15314617000,600022000,12081943000,3852531000,442952194,3276878000,7483467000,4206589000,4206589000,1755253000,957738000,563887000,1521625000,None,-190429000,96135000,190429000,136488000,96135000,None,3033304000,1660959000,211888000,190429000,1449071000,1419461000,1851388000,4788557000,1449071000,2021-10-19,3.19,2.56,0.63,24.6094
2021-12-31,44584663000,8069825000,6027804000,6055111000,None,913883000,8041872000,1323453000,616306000,30919539000,30919539000,None,None,None,0,2042021000,4271846000,28735415000,8488966000,837483000,1209342000,699823000,699823000,19560722000,None,15301000000,699823000,14693072000,16000823000,5742318000,2459164000,15849248000,824190000,12689372000,4024561000,443963107,2469743000,7709318000,5239575000,5239575000,631770000,2859503000,647470000,1233088000,None,-189429000,108512000,189429000,103917000,108512000,None,3805301000,550853000,-56576000,189429000,607429000,586769000,740282000,4437071000,607429000,2022-01-20,1.33,0.82,0.51,62.1951
2022-03-31,45330904000,8098015000,6008946000,6008946000,None,845285000,8524747000,1383763000,690132000,31191920000,31191920000,None,None,None,None,2089069000,4657206000,27786865000,7739656000,617202000,1239048000,0,0,19536066000,None,14447000000,None,14534561000,14447000000,5883406000,2567427000,17544039000,824190000,14286819000,4155580000,444273850,3583062000,7867767000,4284705000,4284705000,1971626000,953906000,657530000,1611436000,None,-187579000,195645000,187579000,161821000,195645000,None,3436612000,1979692000,382245000,187579000,1597447000,1563772000,2167271000,5408238000,1597447000,2022-04-19,3.53,2.89,0.64,22.1453
2022-06-30,46350935000,7840778000,5819449000,5819449000,None,887640000,8318380000,1361920000,664896000,32533199000,32533199000,None,None,None,None,2021329000,4615038000,27274961000,7500022000,504278000,1224743000,0,0,19123807000,None,14148000000,None,14233303000,14148000000,5771001000,2551675000,19075974000,824190000,15727770000,4316870000,444705591,3279386000,7970141000,4690755000,4690755000,1578283000,984257000,716846000,1701103000,None,-175455000,220226000,175455000,304513000,220226000,None,3565079000,1623054000,182103000,175455000,1440951000,1370645000,1798509000,5143362000,1440951000,2022-07-19,3.2,2.94,0.26,8.8435
2022-09-30,47562187000,8816903000,6113733000,6113733000,None,1436296000,8179451000,1372754000,710022000,32777340000,32777340000,None,None,None,None,2703170000,4595190000,27034046000,7765924000,560156000,1176323000,0,0,18522479000,None,13806000000,None,13888117000,13806000000,6029445000,2424637000,20528141000,824190000,17126012000,4473962000,445020494,3136924000,7925589000,4788665000,4788665000,1533018000,941167000,662739000,1603906000,None,-172575000,261404000,172575000,348458000,261404000,None,4000184000,1621847000,223605000,172575000,1398242000,1295075000,1794422000,5533202000,1398242000,2022-10-18,3.1,2.13,0.97,45.5399
2022-12-31,48594768000,9266473000,5147176000,6081858000,None,2424388000,8818704000,1398257000,753741000,32736713000,32736713000,None,None,None,911276000,3208021000,5193325000,27817367000,7930974000,671513000,1264661000,0,0,19027619000,None,14274000000,None,14353076000,14274000000,5994800000,2452040000,20777401000,824190000,17181296000,4637601000,445346776,2447893000,7852053000,5404160000,5404160000,549904000,2810063000,673926000,3483989000,None,-170603000,339965000,170603000,-461681000,-339965000,None,4038214000,39336000,-15948000,170603000,55284000,85621000,209939000,4588118000,55284000,2023-01-19,0.12,0.45,-0.33,-73.3333
2023-03-31,49490345000,10482623000,6714594000,7850929000,None,1143613000,8833558000,1413094000,808350000,32349184000,32349184000,None,None,None,1112910000,2655119000,5245444000,27662149000,8316070000,591987000,1262271000,399163000,399163000,18593465000,None,14361000000,399163000,14037965000,14760163000,6062649000,2400085000,21828196000,1228920000,18486416000,4762395000,444536878,3357878000,8161503000,4803625000,4803625000,1714317000,956286000,687275000,1643561000,None,-174239000,71204000,174239000,-80651000,-71204000,None,3550319000,1468874000,163754000,174239000,1305120000,1330731000,1643113000,5264636000,1305120000,2023-04-18,2.88,2.86,0.02,0.6993
2023-06-30,50817473000,11506336000,7662788000,8580466000,None,1229475000,8978095000,1471968000,870738000,32520774000,32520774000,None,None,None,914201000,2929347000,5318395000,27985258000,8675805000,615374000,1311918000,399387000,399387000,18607372000,2524153000,14398000000,399387000,14070151000,14797387000,6349126000,2389915000,22832215000,1876753000,19974026000,4874208000,443146751,3513831000,8187301000,4673470000,4673470000,1827183000,1028665000,657983000,1686648000,None,-174812000,26961000,174812000,-28952000,26961000,None,3526367000,1679332000,191722000,174812000,1487610000,1540039000,1854144000,5353550000,1487610000,2023-07-19,3.29,2.86,0.43,15.035
2023-09-30,49501786000,10779474000,7353245000,7871037000,482375000,1289679000,9096952000,1498391000,902691000,31749861000,31749861000,None,109723000,None,514201000,2912028000,5474060000,27394159000,8338718000,534429000,1306185000,399614000,399614000,18473449000,None,14232000000,399614000,13900754000,14631614000,6098490000,2486215000,22107627000,4399677000,21651448000,5011427000,437679669,3610880000,8541668000,4930788000,4930788000,1916394000,1037327000,657159000,1694486000,None,-175563000,7345000,175563000,172678000,None,None,3664013000,1909049000,231627000,175563000,1677422000,1661117000,2084612000,5580407000,1677422000,2023-10-18,3.73,3.49,0.24,6.8768
2023-12-31,48731992000,9918133000,7116913000,7139488000,408936000,1639257000,9232702000,1491444000,855043000,31658056000,31658056000,None,30934000,None,20973000,2780247000,5664359000,28143679000,8860655000,747412000,1442969000,400000000,399844000,18751652000,None,14478000000,399844000,14143417000,14878000000,6270430000,2561434000,20588313000,6922200000,22589286000,5145172000,432759584,3525340000,8832825000,5307485000,5307485000,1496109000,3087890000,673341000,3761231000,None,-175212000,None,175212000,-239371000,None,None,3840646000,1148150000,210312000,175212000,937838000,869464000,1323362000,5336755000,937838000,2024-01-23,2.11,2.22,-0.11,-4.955
2024-03-31,48827721000,9921313000,7024766000,7047562000,-31662100000,1192738000,9403633000,1501168000,884603000,31662100000,31662100000,None,133747000,None,20973000,2875574000,5743140000,27462311000,9289217000,607348000,1469484000,798936000,798936000,17900406000,None,13955000000,798936000,13217038000,14753936000,6015821000,2585364000,21365410000,8934056000,24921495000,5489850000,430964991,4393367000,9370440000,4977073000,4977267000,2632534000,1058360000,702473000,1760833000,None,-173314000,155359000,173314000,130801000,None,None,3758039000,2614579000,282370000,173314000,2332209000,2444275000,2787893000,6401620000,2332209000,2024-04-18,5.28,4.52,0.76,16.8142
2024-06-30,49098895000,9615553000,6624939000,6658018000,1,1237660000,9779248000,1510958000,914727000,12358540000,12358540000,None,240829000,None,30973000,2959641000,6045029000,26986202000,10139999000,598557000,1474000000,1800041000,1800041000,16944541000,None,13922000000,1800041000,12180024000,15722041000,5850672000,2637397000,22112693000,10547055000,27068801000,5680061000,429164615,4385167000,9559310000,5174143000,5174216000,2602837000,1071076000,711254000,1782330000,None,-88981000,79005000,167986000,42692000,None,None,3850917000,2513856000,366550000,None,2147306000,2170071000,2681842000,6420380000,2147306000,2024-07-18,4.88,4.74,0.14,2.9536
